%
% references.bib -- Bibliography file for the paper planet
%
% (c) 2020 Autor, Hochschule Rapperswil
%

@online{planet:multi,
	title = {Multipolentwicklung},
	url = {https://de.wikipedia.org/wiki/Multipolentwicklung},
	urldate = {2024-07-29},
	year = {2024},
	month = {06},
	day = {14}
}

@online{planet:quadro,
	title = {Quadrupol},
	url = {https://de.wikipedia.org/wiki/Quadrupol},
	urldate = {2024-07-29},
	year = {2024},
	month = {05},
	day = {04}
}

@online{planet:iaub5,
	title = {IAU Resolution B5},
	url = {https://www.iau.org/static/resolutions/Resolution_GA26-5-6.pdf},
	date = {2006-08-24},
	year = {2006},
	month = {8},
	day = {24}
}

@book{planet:numerical-analysis,
	title = {Numerical Analysis},
	author = {David Kincaid and Ward Cheney},
	publisher = {American Mathematical Society},
	year = {2002},
	isbn = {978-8-8218-4788-6},
	inseries = {Pure and applied undegraduate texts},
	volume = {2}
}

@article{planet:mendezmueller,
        author = { Tabea Méndez and Andreas Müller },
        title = { Noncommutative harmonic analysis and image registration },
        journal = { Appl. Comput. Harmon. Anal.},
        year = 2019,
        volume = 47,
        pages = {607--627},
        url = {https://doi.org/10.1016/j.acha.2017.11.004}
}

