%
% references.bib -- Bibliography file for the paper doppelpendel
%
@article{doppelpendel:wettbewerbsarbeit,
    author = {Davide Farassino},
    title = {Ein neuronales Netz als Prognosemodell f√ºr den Predictability Time Horizon des Doppelpendels},
    journal = {Schweizer Jugend forscht},
    year = 2024,
    pages = {24--32},
}
