%
% references.bib -- Bibliography file for the paper beispiel
%
% (c) 2020 Autor, Hochschule Rapperswil
%

@online{variationsprinzip_algorithmen:chatgpt2024,
	author = {OpenAI ChatGPT},
	title = {ChatGPT: Antworten auf Benutzeranfragen},
	date = {2024-02-22},
	year = {2020},
	month = {2},
	day = {22},
	note = {Sucheeingabe: Variationsprinzipien f√ºr informatik},
	howpublished = {\url{https://www.openai.com/chatgpt}}
}

@online{variationsprinzip_algorithmen:repo,
	subtitle = {Source Code Repository},
	author = {Kevin Kempf},
	url = { https://github.com/feiler/math_sem_algorithm_variation_principle },
	DAY = 25,
	MONTH = {july},
	YEAR = 2024
}


@online{variationsprinzip_algorithmen:youtube,
	subtitle = {TODO: add infos Source Code Repository},
	author = {Kevin Kempf},
	url = {},
}
