%
% references.bib -- Bibliography file for the paper widerstand
%
% (c) 2020 Autor, Hochschule Rapperswil
%
@book{widerstand:principia,
	author = { Isaac Newton },
	title = { Pilosophiae Naturalis Principia Mathematica },
	year = {1687},
	publisher = {The Royal Society},
	address = {London}
}
