%
% references.bib -- Bibliography file for the paper balken
%
% (c) 2020 Autor, Hochschule Rapperswil
%

@online{balken:Biegelinie,
	title = {Biegelinie},
	url = {https://de.wikipedia.org/wiki/Biegelinie},
	date = {2024-05-04},
	year = {2024},
	month = {5},
	day = {4}
}
@online{balken:Balkentheorie,
	title = {Balkentheorie},
	url = {https://de.wikipedia.org/wiki/Balkentheorie},
	date = {2024-07-18},
	year = {2024},
	month = {7},
	day = {18}
}
@online{balken:Balkentheorie,
	title = {Balkenbiegung},
	url = {https://link.springer.com/chapter/10.1007/978-3-662-61862-2_4},
	date = {2021-02-09},
	year = {2021},
	month = {02},
	day = {9}
}
@online{balken:Differentialgleichung der Biegelinie,
	titel = {Differentialgleichung der Biegelinie},
	url = {https://www.ingenieurkurse.de/baustatik-1/verformungen/verformung-infolge-biegung/differentialgleichung-der-biegelinie.html},
	date = {2024-05-09},
	year = {2024},
	month = {5},
	day = {9},
}
@online{balken:Elastizitätsmodul,
	titel = {Elastizitätsmodul},
	url = {https://de.wikipedia.org/wiki/Elastizit%C3%A4tsmodul},
	date = {2024-05-09},
	year = {2024},
	month = {5},
	day = {9},
}
@online{balken:Variationsrechnung,
	titel = {Variationsrechnung},
	url = {https://de.wikipedia.org/wiki/Variationsrechnung#:~:text=Die%20Variationsrechnung%20ist%20ein%20mathematisches,Maxima%20von%20Funktionalen%20zu%20bestimmen.,
	date = {2024-05-09},
	year = {2024},
	month = {5},
	day = {9},
}
