%
% references.bib -- Bibliography file for the paper minimalflaechen
%
% (c) 2020 Autor, Hochschule Rapperswil
%

@online{minimalflaechen:Henneberg,
	title = {Henneberg Fläche},
	url = {http://www.3d-meier.de/tut3/Seite32.html},
	date = {2024-08-06},
	year = {2024},
	month = {8},
	day = {6}
}
@online{minimalflaechen:Olympiastadion,
	title = {Olympiastadion München},
	url = {https://de.wikipedia.org/wiki/Frei_Otto#/media/Datei:Munich_-_Olympiapark_3.jpg},
	date = {2024-08-06},
	year = {2024},
	month = {8},
	day = {6}
}

@online{minimalflaechen:Hyperboloid,
	title = {Hyperboloid},
	url = {https://de.wikipedia.org/wiki/Hyperboloid},
	date = {2024-08-06},
	year = {2024},
	month = {8},
	day = {6}
}