%
% references.bib -- Bibliography file for the paper cahnhilliard
%
% (c) 2020 Autor, Hochschule Rapperswil
%
}

@article{cahnhilliard:freeenergy,
    author = {Cahn, John W. and Hilliard, John E.},
    title = "{Free Energy of a Nonuniform System. I. Interfacial Free Energy}",
    journal = {The Journal of Chemical Physics},
    volume = {28},
    number = {2},
    pages = {258-267},
    year = {1958},
    month = {02},
    issn = {0021-9606},
    doi = {10.1063/1.1744102},
    url = {https://doi.org/10.1063/1.1744102},
    eprint = {https://pubs.aip.org/aip/jcp/article-pdf/28/2/258/18813541/258\_1\_online.pdf},
}

@article{cahnhilliard:deriv,
  title = {Physical, mathematical, and numerical derivations of the Cahn–Hilliard equation},
  journal = {Computational Materials Science},
  volume = {81},
  pages = {216-225},
  year = {2014},
  issn = {0927-0256},
  doi = {https://doi.org/10.1016/j.commatsci.2013.08.027},
  url = {https://www.sciencedirect.com/science/article/pii/S0927025613004801},
  author = {Dongsun Lee and Joo-Youl Huh and Darae Jeong and Jaemin Shin and Ana Yun and Junseok Kim},
  keywords = {Chemical processes, Mathematical modeling, Numerical analysis, Phase change, Cahn–Hilliard, Pseudospectral method},
}

@article{cahnhilliard:deriv-advective,
  title = {Isogeometric analysis of the advective Cahn–Hilliard equation: Spinodal decomposition under shear flow},
  journal = {Journal of Computational Physics},
  volume = {242},
  pages = {321-350},
  year = {2013},
  issn = {0021-9991},
  doi = {https://doi.org/10.1016/j.jcp.2013.02.008},
  url = {https://www.sciencedirect.com/science/article/pii/S0021999113001186},
  author = {Ju Liu and Luca Dedè and John A Evans and Micheal J Borden and Thomas J.R. Hughes},
  keywords = {Cahn–Hilliard equation, Spinodal decomposition, Shear flow, Steady state, Isogeometric analysis, Bézier extraction},
}

@online{cahnhilliard:reynolds,
	title = {Reynolds Transport Theorem},
	url = {https://mathworld.wolfram.com/ReynoldsTransportTheorem.html},
  author = {Christoper Stover},
	year = {2024},
	month = {8},
	day = {7}
}

