%
% references.bib -- Bibliography file for the paper maxwell
%
% (c) 2020 Autor, Hochschule Rapperswil
%

@online{maxwell:bibtex,
	title = {BibTeX},
	url = {https://de.wikipedia.org/wiki/BibTeX},
	date = {2020-02-06},
	year = {2020},
	month = {2},
	day = {6}
}



@article{maxwell:yu,
		author = { Thomas Yu },
		title = {Lagrangian formulation of the electromagnetic field}
}


@article{maxwell:bardi,
		author = {Istvan Bardi},
		title = {The least action and the variational Calculus in electrodynamics},
		year = 1979
}

@book{maxwell:hdlang,
	author = { Hans-Dieter Lang},
	title = { Elektrotechnik 2 }
}





