%
% references.bib -- Bibliography file for the paper luke
%
% (c) 2020 Autor, Hochschule Rapperswil
%

@online{luke:bibtex,
	title = {BibTeX},
	url = {https://de.wikipedia.org/wiki/BibTeX},
	date = {2020-02-06},
	year = {2020},
	month = {2},
	day = {6}
}

@book{luke:numerical-analysis,
	title = {Numerical Analysis},
	author = {David Kincaid and Ward Cheney},
	publisher = {American Mathematical Society},
	year = {2002},
	isbn = {978-8-8218-4788-6},
	inseries = {Pure and applied undegraduate texts},
	volume = {2}
}

@article{luke:mendezmueller,
        author = { Tabea Méndez and Andreas Müller },
        title = { Noncommutative harmonic analysis and image registration },
        journal = { Appl. Comput. Harmon. Anal.},
        year = 2019,
        volume = 47,
        pages = {607--627},
        url = {https://doi.org/10.1016/j.acha.2017.11.004}
}

@article{luke:Luke1967,
	title={A variational principle for a fluid with a free surface},
	volume={27},
	DOI={10.1017/S0022112067000412},
	number={2},
	journal={Journal of Fluid Mechanics},
	author={Luke, J. C.},
	year={1967},
	pages={395–397}
}
@article{luke:CLAMOND201225,
	title = {Practical use of variational principles for modeling water waves},
	journal = {Physica D: Nonlinear Phenomena},
	volume = {241},
	number = {1},
	pages = {25-36},
	year = {2012},
	issn = {0167-2789},
	doi = {https://doi.org/10.1016/j.physd.2011.09.015},
	url = {https://www.sciencedirect.com/science/article/pii/S0167278911002624},
	author = {Didier Clamond and Denys Dutykh},
}