%
% references.bib -- Bibliography file for the paper circuit
%
% (c) 2020 Autor, Hochschule Rapperswil
%

@online{circuit:bibtex,
	title = {BibTeX},
	url = {https://de.wikipedia.org/wiki/BibTeX},
	date = {2020-02-06},
	year = {2020},
	month = {2},
	day = {6}
}

@book{circuit:numerical-analysis,
	title = {Numerical Analysis},
	author = {David Kincaid and Ward Cheney},
	publisher = {American Mathematical Society},
	year = {2002},
	isbn = {978-8-8218-4788-6},
	inseries = {Pure and applied undegraduate texts},
	volume = {2}
}

@article{circuit:mendezmueller,
        author = { Tabea Méndez and Andreas Müller },
        title = { Noncommutative harmonic analysis and image registration },
        journal = { Appl. Comput. Harmon. Anal.},
        year = 2019,
        volume = 47,
        pages = {607--627},
        url = {https://doi.org/10.1016/j.acha.2017.11.004}
}

@article{circuit:paper1,
        author = { OLIVIER DE LA GRANDVILLE },
        title = { A ONE-LINE DERIVATION OF THE EULER AND OSTROGRADSKI EQUATIONS },
        journal = { The Australian Journal of Mathematical Analysis and Applications},
        year = 2012,
        volume = 9,
        pages = {5},
        url = {https://ajmaa.org/searchroot/files/pdf/v9n2/v9i2p8.pdf}
}


@misc{ enwiki:1220817436,
	author = "{Wikipedia contributors}",
	title = "Finite difference --- {Wikipedia}{,} The Free Encyclopedia",
	year = "2024",
	url = "https://en.wikipedia.org/w/index.php?title=Finite_difference&oldid=1220817436",
	note = "[Online; accessed 16-May-2024]"
}

@misc{github:AndreasFMueller,
	author = {Andreas Müller},
	title = {SeminarVariation},
	year = {2024},
	publisher = {GitHub},
	journal = {GitHub repository}
}

@misc{ wiki:stromzweig,
	author = "Wikimedia Commons",
	title = "File:Schaltung m-o Stromzweig.svg --- Wikimedia Commons{,} the free media repository",
	year = "2020",
	url = "https://commons.wikimedia.org/w/index.php?title=File:Schaltung_m-o_Stromzweig.svg&oldid=498847970",
	note = "[Online; accessed 9-June-2024]"
}
