%
% references.bib -- Bibliography file for the paper beispiel
%
% (c) 2020 Autor, Hochschule Rapperswil
%

@online{varalg:chatgpt2024,
	author = {OpenAI ChatGPT},
	title = {ChatGPT: Antworten auf Benutzeranfragen},
	date = {2024-02-22},
	year = {2020},
	month = {2},
	day = {22},
	note = {Sucheeingabe: Variationsprinzipien für informatik},
	howpublished = {\url{https://www.openai.com/chatgpt}}
}

@online{varalg:repo,
	subtitle = {Source Code Repository},
	author = {Kevin Kempf},
	url = { https://github.com/feiler/math_sem_algorithm_variation_principle },
	DAY = 25,
	MONTH = {july},
	YEAR = 2024
}

@online{varalg:youtube,
	subtitle = {Genetic Algorithms Explained By Example},
	author = {Kie Codes},
	url = {https://www.youtube.com/watch?v=uQj5UNhCPuo&t=309s},
	DAY = 13,
	MONTH = {july},
	YEAR = 2020
}

@online{varalg:youtube,
	subtitle = {Benutztes Icon für Abbildung 04OffspringProbability.png},
	author = {fontawesome},
	url = {https://fontawesome.com/icons/kiwi-bird?f=classic&s=solid},
}
