%
% references.bib
%
% (c) 2020 Prof Dr Andreas Müller, Hochschule Rapperswil
%
@book{buch:heavenly,
	title = { Heavenly Mathematics },
	subtitle = { The forgotten art of spherical trigonometry },
	author = { Glen van Brummelen },
	publisher = { Princeton University Press },
	year = 3013,
	isbn = {978-0-691-14892-2}
}

@book{buch:broer,
	title = { Near the horizon },
	subtitle = { An invitation to geometric optics },
	author = { Henk W. Broer },
	series = { The Carus Mathematical Monographs },
	number = { 33 },
	year = 2016,
	isbn = { 978-0-88385-142-5 },
	publisher = { Mathematical Association of America }
}

@book{buch:linalg,
	title = { Lineare Algebra: Eine anwendungsorientierte Einführung },
	author = { Andreas Müller },
	year = 2023,
	publisher = { Springer Vieweg },
	ISBN = { 978-3-662-67865-7 },
	doi = { https://doi.org/10.1007/978-3-66267866-4 }
}

@book{buch:mathsem-dgl,
	title = {Mathematisches Seminar Differentialgleichungen},
	author = { Andreas Müller and others },
	year = {2016}
}

@book{buch:mathsem-spezfunk,
	title = {Mathematisches Seminar Spezielle Funktionen},
	author = { Andreas Müller and others },
	url = { https://github.com/AndreasFMueller/SeminarSpezielleFunktionen.git},
	year = {2022}
}

@online{buch:repo,
	subtitle = {Source Code Repository},
	author = {Andreas Müller},
	url = { https://github.com/AndreasFMueller/SeminarHarmonischeAnalysis.git },
	DAY = 6,
	MONTH = {february},
	YEAR = 2022
}

@online{buch:library:gsl,
	title = {GNU scientific library},
	version = {2.7},
	year = 2021,
	month = 6,
	day = 1
}

@online{buch:thomas,
	title = {Thomas-Algorithmus},
	url = { https://de.wikipedia.org/wiki/Thomas-Algorithmus },
	day = 3,
	month = 3,
	year = 2024
}
	
