%
% references.bib -- Bibliography file for the paper fem
%
% (c) 2020 Autor, Hochschule Rapperswil
%

@online{fem:bib:matlab,
	title = {Matlab-Datei zum Rechenbeispiel},
	url = {https://github.com/AndreasFMueller/SeminarVariation/tree/master/buch/papers/fem/code/Rechenbeispiel_pednel.m},
	date = {2024-09-11},
	year = {2024},
	month = {9},
	day = {11}
}

@book{fem:bib:methode_der_finiten_elemente,
	title = {Methode der finiten Elemente},
	author = {H. R. Schwarz},
	publisher = {B.G.Teubner},
	year = {1980},
	isbn = {3-519-02349-0},
	inseries = {Leitfäden der angewandten Mathematik und Mechanik LAMM},
	volume = {1}
}

@article{fem:mendezmueller,
        author = { Tabea Méndez and Andreas Müller },
        title = { Noncommutative harmonic analysis and image registration },
        journal = { Appl. Comput. Harmon. Anal.},
        year = 2019,
        volume = 47,
        pages = {607--627},
        url = {https://doi.org/10.1016/j.acha.2017.11.004}
}

